@article{turing1952chemical,
  title={The chemical basis of morphogenesis},
  author={Turing, Alan Mathison},
  journal={Philosophical Transactions of the Royal Society of London. Series B, Biological Sciences},
  volume={237},
  number={641},
  pages={37--72},
  year={1952},
  publisher={The Royal Society}
}
@article{wolpert1969positional,
  title={Positional information and the spatial pattern of cellular differentiation},
  author={Wolpert, Lewis},
  journal={Journal of theoretical biology},
  volume={25},
  number={1},
  pages={1--47},
  year={1969},
  publisher={Elsevier}
}
@article{castets1990experimental,
  title={Experimental evidence of a sustained standing Turing-type nonequilibrium chemical pattern},
  author={Castets, Vincent and Dulos, Etiennette and Boissonade, Jacques and De Kepper, Patrick},
  journal={Physical Review Letters},
  volume={64},
  number={24},
  pages={2953},
  year={1990},
  publisher={APS}
}
@article{sheth2012hox,
  title={Hox genes regulate digit patterning by controlling the wavelength of a Turing-type mechanism},
  author={Sheth, Rushikesh and Marcon, Luciano and Bastida, M F{\'e}lix and Junco, Marisa and Quintana, Laura and Dahn, Randall and Kmita, Marie and Sharpe, James and Ros, Maria A},
  journal={Science},
  volume={338},
  number={6113},
  pages={1476--1480},
  year={2012},
  publisher={American Association for the Advancement of Science}
}
@article{gierer1972theory,
  title={A theory of biological pattern formation},
  author={Gierer, Alfred and Meinhardt, Hans},
  journal={Biological Cybernetics},
  volume={12},
  number={1},
  pages={30--39},
  year={1972},
  publisher={Springer}
}
@article{kondo2010reaction,
  title={Reaction-diffusion model as a framework for understanding biological pattern formation},
  author={Kondo, Shigeru and Miura, Takashi},
  journal={Science},
  volume={329},
  number={5999},
  pages={1616--1620},
  year={2010},
  publisher={American Association for the Advancement of Science}
}
@book{murray1977lectures,
  title={Lectures on nonlinear-differential-equation models in biology},
  author={Murray, James Dickson},
  year={1977},
  publisher={Clarendon Press}
}
@book{murray2001mathematical,
  title={Mathematical Biology II: Spatial Models and Biomedical Applications},
  author={Murray, James D},
  year={2001},
  publisher={Springer-Verlag New York Incorporated}
}
@article{marcon2016high,
  title={High-throughput mathematical analysis identifies Turing networks for patterning with equally diffusing signals},
  author={Marcon, Luciano and Diego, Xavier and Sharpe, James and M{\"u}ller, Patrick},
  journal={Elife},
  volume={5},
  pages={e14022},
  year={2016},
  publisher={eLife Sciences Publications Limited}
}
@article{sick2006wnt,
  title={WNT and DKK determine hair follicle spacing through a reaction-diffusion mechanism},
  author={Sick, Stefanie and Reinker, Stefan and Timmer, Jens and Schlake, Thomas},
  journal={Science},
  volume={314},
  number={5804},
  pages={1447--1450},
  year={2006},
  publisher={American Association for the Advancement of Science}
}
@article{maini2006turing,
  title={The Turing model comes of molecular age},
  author={Maini, Philip K and Baker, Ruth E and Chuong, Cheng-Ming},
  journal={Science (New York, NY)},
  volume={314},
  number={5804},
  pages={1397},
  year={2006},
  publisher={NIH Public Access}
}
@article{nakamasu2009interactions,
  title={Interactions between zebrafish pigment cells responsible for the generation of Turing patterns},
  author={Nakamasu, Akiko and Takahashi, Go and Kanbe, Akio and Kondo, Shigeru},
  journal={Proceedings of the National Academy of Sciences},
  volume={106},
  number={21},
  pages={8429--8434},
  year={2009},
  publisher={National Acad Sciences}
}
@article{marcon2012turing,
  title={Turing patterns in development: what about the horse part?},
  author={Marcon, Luciano and Sharpe, James},
  journal={Current opinion in genetics \& development},
  volume={22},
  number={6},
  pages={578--584},
  year={2012},
  publisher={Elsevier}
}
@article{klika2012influence,
  title={The influence of receptor-mediated interactions on reaction-diffusion mechanisms of cellular self-organisation},
  author={Klika, V{\'a}clav and Baker, Ruth E and Headon, Denis and Gaffney, Eamonn A},
  journal={Bulletin of mathematical biology},
  volume={74},
  number={4},
  pages={935--957},
  year={2012},
  publisher={Springer}
}
@article{borek2016turing,
  title={Turing patterning using gene circuits with gas-induced degradation of quorum sensing molecules},
  author={Borek, Bart{\l}omiej and Hasty, Jeff and Tsimring, Lev},
  journal={PloS one},
  volume={11},
  number={5},
  pages={e0153679},
  year={2016},
  publisher={Public Library of Science}
}
@article{diambra2014cooperativity,
  title={Cooperativity to increase Turing pattern space for synthetic biology},
  author={Diambra, Luis and Senthivel, Vivek Raj and Menendez, Diego Barcena and Isalan, Mark},
  journal={ACS synthetic biology},
  volume={4},
  number={2},
  pages={177--186},
  year={2014},
  publisher={ACS Publications}
}
@article{scholes2017three,
  title={A three-step framework for programming pattern formation},
  author={Scholes, Natalie S and Isalan, Mark},
  journal={Current opinion in chemical biology},
  volume={40},
  pages={1--7},
  year={2017},
  publisher={Elsevier}
}
@article{maini2012turing,
  title={Turing's model for biological pattern formation and the robustness problem},
  author={Maini, Philip K and Woolley, Thomas E and Baker, Ruth E and Gaffney, Eamonn A and Lee, S Seirin},
  journal={Interface focus},
  volume={2},
  number={4},
  pages={487--496},
  year={2012},
  publisher={Royal Society}
}
@article{crampin1999reaction,
  title={Reaction and diffusion on growing domains: scenarios for robust pattern formation},
  author={Crampin, Edmund J and Gaffney, Eamonn A and Maini, Philip K},
  journal={Bulletin of mathematical biology},
  volume={61},
  number={6},
  pages={1093--1120},
  year={1999},
  publisher={Springer}
}
@article{baurmann2007instabilities,
  title={Instabilities in spatially extended predator--prey systems: spatio-temporal patterns in the neighborhood of Turing--Hopf bifurcations},
  author={Baurmann, Martin and Gross, Thilo and Feudel, Ulrike},
  journal={Journal of Theoretical Biology},
  volume={245},
  number={2},
  pages={220--229},
  year={2007},
  publisher={Elsevier}
}
@article{kinsler1999fundamentals,
  title={Fundamentals of acoustics},
  author={Kinsler, Lawrence E and Frey, Austin R and Coppens, Alan B and Sanders, James V},
  journal={Fundamentals of Acoustics, 4th Edition, by Lawrence E. Kinsler, Austin R. Frey, Alan B. Coppens, James V. Sanders, pp. 560. ISBN 0-471-84789-5. Wiley-VCH, December 1999.},
  pages={560},
  year={1999}
}
@article{manoussaki1996mechanical,
  title={A mechanical model for the formation of vascular networks in vitro},
  author={Manoussaki, D and Lubkin, SR and Vemon, RB and Murray, JD},
  journal={Acta biotheoretica},
  volume={44},
  number={3-4},
  pages={271--282},
  year={1996},
  publisher={Springer}
}
@article{moreo2010modelling,
  title={On the modelling of biological patterns with mechanochemical models: insights from analysis and computation},
  author={Moreo, P and Gaffney, EA and Garcia-Aznar, JM and Doblar{\'e}, M},
  journal={Bulletin of mathematical biology},
  volume={72},
  number={2},
  pages={400--431},
  year={2010},
  publisher={Springer}
}
@article{diego2017key,
  title={Key features of Turing systems are determined purely by network topology},
  author={Diego, Xavier and Marcon, Luciano and M{\"u}ller, Patrick and Sharpe, James},
  journal={arXiv preprint arXiv:1708.09645},
  year={2017}
}
@article{prigogine1968symmetry,
  title={Symmetry breaking instabilities in dissipative systems. II},
  author={Prigogine, Ilya and Lefever, R{\'e}n{\'e}},
  journal={The Journal of Chemical Physics},
  volume={48},
  number={4},
  pages={1695--1700},
  year={1968},
  publisher={AIP}
}
@article{corson2012geometry,
  title={Geometry, epistasis, and developmental patterning},
  author={Corson, Francis and Siggia, Eric Dean},
  journal={Proceedings of the National Academy of Sciences},
  volume={109},
  number={15},
  pages={5568--5575},
  year={2012},
  publisher={National Acad Sciences}
}
@article{othmer1969interactions,
  title={Interactions of reaction and diffusion in open systems},
  author={Othmer, Hans George and Scriven, LE},
  journal={Industrial \& Engineering Chemistry Fundamentals},
  volume={8},
  number={2},
  pages={302--313},
  year={1969},
  publisher={ACS Publications}
}
@article{raspopovic2014digit,
  title={Digit patterning is controlled by a Bmp-Sox9-Wnt Turing network modulated by morphogen gradients},
  author={Raspopovic, Jelena and Marcon, Luciano and Russo, Laura and Sharpe, James},
  journal={Science},
  volume={345},
  number={6196},
  pages={566--570},
  year={2014},
  publisher={American Association for the Advancement of Science}
}
@article{menshykau2012branch,
  title={Branch mode selection during early lung development},
  author={Menshykau, Denis and Kraemer, Conradin and Iber, Dagmar},
  journal={PLoS Computational Biology},
  volume={8},
  number={2},
  pages={e1002377},
  year={2012},
  publisher={Public Library of Science}
}
@article{segel1972dissipative,
  title={Dissipative structure: an explanation and an ecological example},
  author={Segel, Lee A and Jackson, Julius L},
  journal={Journal of theoretical biology},
  volume={37},
  number={3},
  pages={545--559},
  year={1972},
  publisher={Elsevier}
}
@misc{comment1,
title={\emph{This may not be said explicitly by some authors, but it is the inescapable implication of any bifurcation diagram distinguishing between regions of ``patterns'' and ``no patterns'', or of any classification of networks into patterning and non-patterning classes.}}}

@article{smith2018model,
  title={Model reduction enables Turing instability analysis of large reaction--diffusion models},
  author={Smith, Stephen and Dalchau, Neil},
  journal={Journal of The Royal Society Interface},
  volume={15},
  number={140},
  pages={20170805},
  year={2018},
  publisher={The Royal Society}
}

@article{halatek2018rethinking,
  title={Rethinking pattern formation in reaction--diffusion systems},
  author={Halatek, J and Frey, E},
  journal={Nature Physics},
  pages={1},
  year={2018},
  publisher={Nature Publishing Group}
}

@article{halatek2018self,
  title={Self-organization principles of intracellular pattern formation},
  author={Halatek, Jacob and Brauns, Fridtjof and Frey, Erwin},
  journal={Philosophical Transactions Royal Society B},
  year={2018},
  volume={373},
  pages={20170107},
  publisher={The Royal Society}
}

@article{kolokolnikov2006,
abstract = {The Brusselator is a generic reaction-diffusion model for a tri-molecular chemical reaction. We consider the case when the input and output reactions are slow. In this limit, we show the existence of K-periodic, spatially bi-stable structures, mesas, and study their stability. Using singular perturbation techniques, we find a threshold for the stability of K mesas. This threshold occurs in the regime where the exponentially small tails of the localized structures start to interact. By comparing our results with Turing analysis, we show that, in the generic case, a Turing instability is followed by a slow coarsening process whereby logarithmically many mesas are annihilated before the system reaches a steady equilibrium state. We also study a "breather"-type instability of a mesa, which occurs due to a Hopf bifurcation. Full numerical simulations are shown to confirm the analytical results. {\textcopyright} 2005 Elsevier B.V. All rights reserved.},
author = {Kolokolnikov, T. and Erneux, T. and Wei, J.},
doi = {10.1016/j.physd.2005.12.005},
issn = {01672789},
journal = {Physica D: Nonlinear Phenomena},
keywords = {Brusselator,Localized patterns,Pattern formation,Singular perturbation,Stability},
number = {1},
pages = {63--77},
title = {{Mesa-type patterns in the one-dimensional Brusselator and their stability}},
volume = {214},
year = {2006}
}

@article{Karig2018,
  title={Stochastic Turing patterns in a synthetic bacterial population},
  author={Karig, David and Martini, K Michael and Lu, Ting and DeLateur, Nicholas A and Goldenfeld, Nigel and Weiss, Ron},
  journal={Proceedings of the National Academy of Sciences},
  pages={201720770},
  year={2018},
  publisher={National Acad Sciences}
}

@article{Scholes2018,
  title={Turing patterns are common but not robust},
  author={Scholes, Natalie S and Schnoerr, David and Isalan, Mark and Stumpf, Michael PH},
  journal={bioRxiv},
  pages={352302},
  year={2018},
  publisher={Cold Spring Harbor Laboratory}
}

@article{biancalani2010stochastic,
  title={Stochastic Turing patterns in the Brusselator model},
  author={Biancalani, Tommaso and Fanelli, Duccio and Di Patti, Francesca},
  journal={Physical Review E},
  volume={81},
  number={4},
  pages={046215},
  year={2010},
  publisher={APS}
}
@article{dipatti2018robust,
  title={Robust stochastic Turing patterns in the development of a one-dimensional cyanobacterial organism},
  author={Di Patti, Francesca and Lavacchi, Laura and Arbel-Goren, Rinat and Schein-Lubomirsky, Leora and Fanelli, Duccio and Stavans, Joel},
  journal={PLoS biology},
  volume={16},
  number={5},
  pages={e2004877},
  year={2018},
  publisher={Public Library of Science}
}
@article{butler2011fluctuation,
  title={Fluctuation-driven Turing patterns},
  author={Butler, Thomas and Goldenfeld, Nigel},
  journal={Physical Review E},
  volume={84},
  number={1},
  pages={011112},
  year={2011},
  publisher={APS}
}